@article{padmanabhan1996using,
	title={Using predictive prefetching to improve world wide web latency},
	author={Padmanabhan, Venkata N and Mogul, Jeffrey C},
	journal={ACM SIGCOMM Computer Communication Review},
	volume={26},
	number={3},
	pages={22--36},
	year={1996},
	publisher={ACM}
}

@article{jiang1998web,
	title={Web prefetching in a mobile environment},
	author={Jiang, Zhimei and Kleinrock, Leonard},
	journal={IEEE Personal Communications},
	volume={5},
	number={5},
	pages={25--34},
	year={1998},
	publisher={IEEE}
}

@inproceedings{fan1999web,
	title={Web prefetching between low-bandwidth clients and proxies: potential and performance},
	author={Fan, Li and Cao, Pei and Lin, Wei and Jacobson, Quinn},
	booktitle={ACM SIGMETRICS Performance Evaluation Review},
	volume={27},
	number={1},
	pages={178--187},
	year={1999},
	organization={ACM}
}

@book{palpanas1998web,
	title={Web prefetching using partial match prediction},
	author={Palpanas, Themistoklis and Mendelzon, Alberto},
	year={1998},
	publisher={Citeseer}
}

@article{nanopoulos2003data,
	title={A data mining algorithm for generalized web prefetching},
	author={Nanopoulos, Alexandros and Katsaros, Dimitrios and Manolopoulos, Yannis},
	journal={IEEE transactions on knowledge and data engineering},
	volume={15},
	number={5},
	pages={1155--1169},
	year={2003},
	publisher={IEEE}
}

@article{chen2003popularity,
	title={A popularity-based prediction model for web prefetching},
	author={Chen, Xin and Zhang, Xiaodong},
	journal={Computer},
	volume={36},
	number={3},
	pages={63--70},
	year={2003},
	publisher={IEEE}
}